@article{wattenberg2016how,
  author = {Wattenberg, Martin and Vi√©gas, Fernanda and Johnson, Ian},
  title = {How to Use t-SNE Effectively},
  journal = {Distill},
  year = {2016},
  url = {http://distill.pub/2016/misread-tsne},
  doi = {10.23915/distill.00002}
}
